@inproceedings{nasiriany2022augmenting,
  title        = {Augmenting reinforcement learning with behavior primitives for diverse manipulation tasks},
  author       = {Nasiriany, Soroush and Liu, Huihan and Zhu, Yuke},
  booktitle    = {2022 International Conference on Robotics and Automation (ICRA)},
  pages        = {7477--7484},
  year         = {2022},
  organization = {IEEE}
}